<record><leader>00000cas a22000007a 4500</leader><controlfield tag="001">18320783</controlfield><controlfield tag="008">880808d18871894pauwr ne      0    0eng d</controlfield><datafield ind1=" " ind2=" " tag="010"><subfield code="a">sn 89077108 </subfield></datafield><datafield ind1=" " ind2=" " tag="040"><subfield code="a">NPH</subfield><subfield code="b">eng</subfield><subfield code="c">NPH</subfield><subfield code="d">OCLCQ</subfield><subfield code="d">OCLCF</subfield><subfield code="d">OCLCO</subfield><subfield code="d">OCLCQ</subfield></datafield><datafield ind1="0" ind2=" " tag="041"><subfield code="a">eng</subfield><subfield code="a">gem</subfield></datafield><datafield ind1=" " ind2=" " tag="042"><subfield code="a">msc</subfield></datafield><datafield ind1=" " ind2=" " tag="043"><subfield code="a">n-us-pa</subfield></datafield><datafield ind1="0" ind2="4" tag="245"><subfield code="a">The Reading press.</subfield></datafield><datafield ind1=" " ind2=" " tag="260"><subfield code="a">Reading, Pa. :</subfield><subfield code="b">Lins &amp; Liebold</subfield></datafield><datafield ind1=" " ind2=" " tag="300"><subfield code="a">volumes :</subfield><subfield code="b">illustrations</subfield></datafield><datafield ind1=" " ind2=" " tag="310"><subfield code="a">Weekly</subfield></datafield><datafield ind1=" " ind2=" " tag="336"><subfield code="a">text</subfield><subfield code="b">txt</subfield><subfield code="2">rdacontent</subfield></datafield><datafield ind1=" " ind2=" " tag="337"><subfield code="a">unmediated</subfield><subfield code="b">n</subfield><subfield code="2">rdamedia</subfield></datafield><datafield ind1=" " ind2=" " tag="338"><subfield code="a">volume</subfield><subfield code="b">nc</subfield><subfield code="2">rdacarrier</subfield></datafield><datafield ind1="1" ind2=" " tag="362"><subfield code="a">Began in 1887; ceased in 1894?</subfield></datafield><datafield ind1=" " ind2=" " tag="500"><subfield code="a">Supplements accompany some issues.</subfield></datafield><datafield ind1=" " ind2=" " tag="546"><subfield code="a">In English with some columns in Pennsylvania Dutch.</subfield></datafield><datafield ind1=" " ind2=" " tag="588"><subfield code="a">Description based on: Third yr., no. 1 (Dec. 6, 1889).</subfield></datafield><datafield ind1=" " ind2="0" tag="650"><subfield code="a">Pennsylvania Dutch</subfield><subfield code="z">Pennsylvania</subfield><subfield code="v">Newspapers.</subfield></datafield><datafield ind1=" " ind2="7" tag="650"><subfield code="a">Pennsylvania Dutch.</subfield><subfield code="2">fast</subfield><subfield code="0">(OCoLC)fst01057000</subfield></datafield><datafield ind1=" " ind2="7" tag="651"><subfield code="a">Pennsylvania.</subfield><subfield code="2">fast</subfield><subfield code="0">(OCoLC)fst01204598</subfield></datafield><datafield ind1=" " ind2="7" tag="655"><subfield code="a">Newspapers.</subfield><subfield code="2">fast</subfield><subfield code="0">(OCoLC)fst01423814</subfield></datafield><datafield ind1=" " ind2=" " tag="752"><subfield code="a">United States</subfield><subfield code="b">Pennsylvania</subfield><subfield code="c">Berks</subfield><subfield code="d">Reading.</subfield></datafield></record>